 @misc{jal,
  title   = {The traveling salesman as he ought to be and what he has to do in order to get commissions and be sure of a happy success in his business},
  volume  = {28},
  url     = {https://zs.thulb.uni-jena.de/receive/jportal_jparticle_00248075?lang=en},
  number  = {29},
  journal = {Jenaische Allgemeine Literaturzeitung},
  year    = {1832},
  pages   = {231--232}
} 

@article{lotz2014losung,
  title  = {L{\"o}sung des Traveling Salesman Problems und Darstellung in einer Webapplikation},
  author = {Lotz, Sebastian},
  year   = {2014},
  pages  = {1}
}

@article{schrijver2005history,
  title     = {On the history of combinatorial optimization (till 1960)},
  author    = {Schrijver, Alexander},
  journal   = {Handbooks in operations research and management science},
  volume    = {12},
  pages     = {40--41},
  year      = {2005},
  publisher = {Elsevier}
}